@article{marchionini2006exploratory,
  title={Exploratory search: from finding to understanding},
  author={Marchionini, Gary},
  journal={Communications of the ACM},
  volume={49},
  number={4},
  year={2006},
  publisher={ACM}
}

@article{heath2011linked,
  title={Linked data: Evolving the web into a global data space},
  author={Heath, Tom and Bizer, Christian},
  journal={Synthesis lectures on the semantic web: theory and technology},
  volume={1},
  number={1},
  pages={1--136},
  year={2011},
  publisher={Morgan \& Claypool Publishers}
}

@inproceedings{alam2015web,
  title={Web Archive Profiling Through CDX Summarization},
  author={Alam, Sawood and Nelson, Michael L and Van de Sompel, Herbert and Balakireva, Lyudmila L and Shankar, Harihar and Rosenthal, David SH},
  booktitle={International Conference on Theory and Practice of Digital Libraries},
  year={2015},
  organization={Springer}
}

@article{alsum2014profiling,
  title={Profiling web archive coverage for top-level domain and content language},
  author={AlSum, Ahmed and Weigle, Michele C and Nelson, Michael L and Van de Sompel, Herbert},
  journal={International Journal on Digital Libraries},
  volume={14},
  number={3-4},
  pages={149--166},
  year={2014},
  publisher={Springer}
}

@article{fafalios2015ijait,
 author = {Fafalios, P. and Baritakis, M. and Tzitzikas, Y.},
 title = {Exploiting Linked Data for Open and Configurable Named Entity Extraction},
 journal = {International Journal on Artificial Intelligence Tools},
 volume = {24},
 number = {02},
 year = {2015},
 publisher = {World Scientific},
}

@article{sanderson2013open,
  title={Open annotation data model},
  author={Sanderson, Robert and Ciccarese, Paolo and Van de Sompel, Herbert and Bradshaw, Shannon and Brickley, Dan and a Castro, Leyla Jael Garc and Clark, Timothy and Cole, Timothy and Desenne, Phil and Gerber, Anna and others},
  journal={W3C community draft},
  year={2013},
  publisher={W3C Open Annotation Community Group}
}

@article{lehmann2015dbpedia,
  title={DBpedia--a large-scale, multilingual knowledge base extracted from Wikipedia},
  author={Lehmann, Jens and Isele, Robert and Jakob, Max and Jentzsch, Anja and Kontokostas, Dimitris and Mendes, Pablo N and Hellmann, Sebastian and Morsey, Mohamed and van Kleef, Patrick and Auer, S{\"o}ren and others},
  journal={Semantic Web},
  volume={6},
  number={2},
  pages={167--195},
  year={2015},
  publisher={IOS Press}
}

@incollection{bechhofer2009owl,
  title={OWL: Web ontology language},
  author={Bechhofer, Sean},
  booktitle={Encyclopedia of Database Systems},
  pages={2008--2009},
  year={2009},
  publisher={Springer}
}

@article{moreau2013prov,
  title={The prov data model},
  author={Moreau, Luc and Missier, Paolo},
  year={2013},
  publisher={WWW Consortium}
}

@article{alexander2011describing,
  title={Describing linked datasets with the void vocabulary},
  author={Alexander, Keith and Cyganiak, Richard and Hausenblas, Michael and Zhao, Jun},
  year={2011}
}

@inproceedings{holzmann2016tempas,
  title={Tempas: Temporal Archive Search Based on Tags},
  author={Holzmann, Helge and Anand, Avishek},
  booktitle={International Conference on World Wide Web},
  year={2016},
}


@inproceedings{kanhabua2016search,
  title={How to Search the Internet Archive Without Indexing It},
  author={Kanhabua, Nattiya and Kemkes, Philipp and Nejdl, Wolfgang and Nguyen, Tu Ngoc and Reis, Felipe and Tran, Nam Khanh},
  booktitle={20th International Conference on Theory and Practice of Digital Libraries},
  year={2016},
  organization={Springer}
}

@inproceedings{singh2016history,
  title={History by diversity: Helping historians search news archives},
  author={Singh, Jaspreet and Nejdl, Wolfgang and Anand, Avishek},
  booktitle={ACM Conference on Human Information Interaction and Retrieval},
  year={2016},
}

@inproceedings{lin2014infrastructure,
  title={Infrastructure for supporting exploration and discovery in web archives},
  author={Lin, Jimmy and Gholami, Milad and Rao, Jinfeng},
  booktitle={International Conference on World Wide Web},
  year={2014},
}

@inproceedings{matthews2010searching,
  title={Searching through time in the New York Times},
  author={Matthews, Michael and Tolchinsky, Pancho and Blanco, Roi and Atserias, Jordi and Mika, Peter and Zaragoza, Hugo},
  booktitle={4th Workshop on Human-Computer Interaction and Information Retrieval},
  year={2010},
}

@inproceedings{singh2016expedition,
  title={Expedition: A Time-Aware Exploratory Search System Designed for Scholars},
  author={Singh, Jaspreet and Nejdl, Wolfgang and Anand, Avishek},
  booktitle={SIGIR conference on Research and Development in Information Retrieval},
  year={2016},
}

@inproceedings{vo2016can,
  title={Can we find documents in web archives without knowing their contents?},
  author={Vo, Khoi Duy and Tran, Tuan and Nguyen, Tu Ngoc and Zhu, Xiaofei and Nejdl, Wolfgang},
  booktitle={ACM Conference on Web Science},
  year={2016},
}

@article{prud2013sparql,
  title={SPARQL 1.1 federated query},
  author={Prud’hommeaux, Eric and Buil-Aranda, Carlos and others},
  journal={W3C Recommendation},
  volume={21},
  year={2013}
}

@article{sandhaus2008new,
  title={The new york times annotated corpus},
  author={Sandhaus, Evan},
  journal={Linguistic Data Consortium, Philadelphia},
  volume={6},
  number={12},
  year={2008}
}

@inproceedings{dali2012query,
  title={Query-independent learning to rank for rdf entity search},
  author={Dali, Lorand and Fortuna, Bla{\v{z}} and Duc, Thanh Tran and Mladeni{\'c}, Dunja},
  booktitle={Extended Semantic Web Conference},
  pages={484--498},
  year={2012},
  organization={Springer}
}

@inproceedings{ding2005finding,
  title={Finding and ranking knowledge on the semantic web},
  author={Ding, Li and Pan, Rong and Finin, Tim and Joshi, Anupam and Peng, Yun and Kolari, Pranam},
  booktitle={International Semantic Web Conference},
  pages={156--170},
  year={2005},
  organization={Springer}
}

@inproceedings{rocha2004hybrid,
  title={A hybrid approach for searching in the semantic web},
  author={Rocha, Cristiano and Schwabe, Daniel and Aragao, Marcus Poggi},
  booktitle={13th international conference on World Wide Web},
  year={2004},
  organization={ACM}
}

@inproceedings{hogan2006reconrank,
  title={Reconrank: A scalable ranking method for semantic web data with context},
  author={Hogan, Aidan and Decker, Stefan and Harth, Andreas},
  booktitle={International Workshop on Scalable Semantic Web Knowledge Base Systems (SSWS 2006)},
  year={2006}
}

@inproceedings{fafalios2014post,
  title={Post-analysis of keyword-based search results using entity mining, linked data, and link analysis at query time},
  author={Fafalios, Pavlos and Tzitzikas, Yannis},
  booktitle={Semantic Computing (ICSC), 2014 IEEE International Conference on},
  year={2014},
  organization={IEEE}
}

@inproceedings{latifi2014query,
  title={Query-independent learning to rank RDF entity results of SPARQL queries},
  author={Latifi, Sara and Nematbakhsh, Mohammadali},
  booktitle={Computer and Knowledge Engineering (ICCKE), 2014 4th International eConference on},
  year={2014},
  organization={IEEE}
}

@inproceedings{elbassuoni2009language,
  title={Language-model-based ranking for queries on RDF-graphs},
  author={Elbassuoni, Shady and Ramanath, Maya and Schenkel, Ralf and Sydow, Marcin and Weikum, Gerhard},
  booktitle={18th ACM conference on Information and knowledge management},
  year={2009},
  organization={ACM}
}

@article{campos2015survey,
  title={Survey of temporal information retrieval and related applications},
  author={Campos, Ricardo and Dias, Ga{\"e}l and Jorge, Al{\'\i}pio M and Jatowt, Adam},
  journal={ACM Computing Surveys (CSUR)},
  volume={47},
  number={2},
  pages={15},
  year={2015},
  publisher={ACM}
}

@inproceedings{holzmann2016archivespark,
  title={ArchiveSpark: Efficient Web Archive Access, Extraction and Derivation},
  author={Holzmann, Helge and Goel, Vinay and Anand, Avishek},
  booktitle={16th ACM/IEEE-CS on Joint Conference on Digital Libraries},
  year={2016},
  organization={ACM}
}

@inproceedings{ferre2014sparklis,
  title={Sparklis: a sparql endpoint explorer for expressive question answering},
  author={Ferr{\'e}, S{\'e}bastien},
  booktitle={ISWC Posters \& Demonstrations Track},
  year={2014},
}

@inproceedings{arenas2014semfacet,
  title={SemFacet: semantic faceted search over yago},
  author={Arenas, Marcelo and Cuenca Grau, Bernardo and Kharlamov, Evgeny and Marciuska, Sarunas and Zheleznyakov, Dmitriy and Jimenez-Ruiz, Ernesto},
  booktitle={23rd International Conference on World Wide Web},
  year={2014},
  organization={ACM}
}

@book{sacco2009dynamic,
  title={Dynamic taxonomies and faceted search: theory, practice, and experience},
  author={Sacco, Giovanni Maria and Tzitzikas, Yannis},
  volume={25},
  year={2009},
  publisher={Springer Science \& Business Media}
}

@article{tzitzikas2016faceted,
  title={Faceted exploration of RDF/S datasets: a survey},
  author={Tzitzikas, Yannis and Manolis, Nikos and Papadakos, Panagiotis},
  journal={Journal of Intelligent Information Systems},
  pages={1--36},
  year={2016},
  publisher={Springer}
}

@inproceedings{shekarpour2011keyword,
  title={Keyword-driven sparql query generation leveraging background knowledge},
  author={Shekarpour, Saeedeh and Auer, Soren and Ngomo, Axel-Cyrille Ngonga and Gerber, Daniel and Hellmann, Sebastian and Stadler, Claus},
  booktitle={Web Intelligence and Intelligent Agent Technology (WI-IAT)},
  year={2011},
  organization={IEEE}
}

@inproceedings{unger2012template,
  title={Template-based question answering over RDF data},
  author={Unger, Christina and B{\"u}hmann, Lorenz and Lehmann, Jens and Ngonga Ngomo, Axel-Cyrille and Gerber, Daniel and Cimiano, Philipp},
  booktitle={21st international conference on World Wide Web},
  year={2012},
  organization={ACM}
}

@article{prud2008sparql,
  title={SPARQL query language for RDF},
  author={Prud’Hommeaux, Eric and Seaborne, Andy and others},
  journal={W3C recommendation},
  volume={15},
  year={2008}
}

@inproceedings{padia2012visualizing,
  title={Visualizing digital collections at Archive-It},
  author={Padia, Kalpesh and AlNoamany, Yasmin and Weigle, Michele C},
  booktitle={12th ACM/IEEE-CS joint conference on Digital Libraries},
  year={2012},
  organization={ACM}
}

@inproceedings{jackson2016desiderata,
 author = {Jackson, Andrew and Lin, Jimmy and Milligan, Ian and Ruest, Nick},
 title = {Desiderata for Exploratory Search Interfaces to Web Archives in Support of Scholarly Activities},
 booktitle = {16th ACM/IEEE-CS on Joint Conference on Digital Libraries},
 year = {2016},
 publisher = {ACM}
}

@inproceedings{bornand2016routing,
  title={Routing Memento Requests Using Binary Classifiers},
  author={Bornand, Nicolas J and Balakireva, Lyudmila and Van de Sompel, Herbert},
  booktitle={16th ACM/IEEE-CS on Joint Conference on Digital Libraries},
  year={2016},
  organization={ACM}
}

@inproceedings{alam2016web,
  title={Web Archive Profiling Through Fulltext Search},
  author={Alam, Sawood and Nelson, Michael L and Van de Sompel, Herbert and Rosenthal, David SH},
  booktitle={International Conference on Theory and Practice of Digital Libraries},
  year={2016},
  organization={Springer}
}

@inproceedings{alam2016memgator,
  title={MemGator-A Portable Concurrent Memento Aggregator: Cross-Platform CLI and Server Binaries in Go},
  author={Alam, Sawood and Nelson, Michael L},
  booktitle={16th ACM/IEEE-CS on Joint Conference on Digital Libraries},
  year={2016},
  organization={ACM}
}

@inproceedings{fernando2016archiveweb,
  title={ArchiveWeb: Collaboratively Extending and Exploring Web Archive Collections},
  author={Fernando, Zeon Trevor and Marenzi, Ivana and Nejdl, Wolfgang and Kalyani, Rishita},
  booktitle={International Conference on Theory and Practice of Digital Libraries},
  year={2016},
  organization={Springer}
}

@inproceedings{anand2009everlast,
  title={EverLast: a distributed architecture for preserving the web},
  author={Anand, Avishek and Bedathur, Srikanta and Berberich, Klaus and Schenkel, Ralf and Tryfonopoulos, Christos},
  booktitle={9th ACM/IEEE-CS joint conference on Digital libraries},
  year={2009},
  organization={ACM}
}

@inproceedings{costa2013survey,
  title={A survey of web archive search architectures},
  author={Costa, Miguel and Gomes, Daniel and Couto, Francisco and Silva, M{\'a}rio},
  booktitle={22nd International Conference on World Wide Web},
  year={2013},
  organization={ACM}
}

@article{whitelaw2015generous,
  title={Generous Interfaces for Digital Cultural Collections},
  author={Whitelaw, Mitchell},
  journal={Digital Humanities Quarterly},
  volume={9},
  number={1},
  year={2015}
}

@article{whitelaw2012towards,
  title={Towards generous interfaces for archival collections},
  author={Whitelaw, Mitchell},
  journal={Comma},
  volume={2012},
  number={2},
  year={2012},
  publisher={Liverpool University Press}
}

@article{johnson2008users,
  title={Users, use and context: supporting interaction between users and digital archives},
  author={Johnson, Andrea},
  journal={What Are Archives? Cultural and Theoretical Perspectives: A Reader},
  year={2008}
}

@inproceedings{ferragina2010tagme,
  title={Tagme: on-the-fly annotation of short text fragments (by wikipedia entities)},
  author={Ferragina, Paolo and Scaiella, Ugo},
  booktitle={19th ACM international conference on Information and knowledge management},
  year={2010},
  organization={ACM}
}

@inproceedings{hoffart2011robust,
  title={Robust disambiguation of named entities in text},
  author={Hoffart, Johannes and Yosef, Mohamed Amir and Bordino, Ilaria and F{\"u}rstenau, Hagen and Pinkal, Manfred and Spaniol, Marc and Taneva, Bilyana and Thater, Stefan and Weikum, Gerhard},
  booktitle={Conference on Empirical Methods in Natural Language Processing},
  year={2011},
}

@article{moro2014entity,
  title={Entity linking meets word sense disambiguation: a unified approach},
  author={Moro, Andrea and Raganato, Alessandro and Navigli, Roberto},
  journal={Transactions of the Association for Computational Linguistics},
  volume={2},
  year={2014}
}

@article{beckett2004rdf,
  title={RDF/XML syntax specification (revised)},
  author={Beckett, Dave and McBride, Brian},
  journal={W3C recommendation},
  volume={10},
  year={2004}
}

@inproceedings{BlancoWSDM2015,
  Address = {New York, NY, USA},
  Author = {Blanco, Roi and Ottaviano, Giuseppe and Meij, Edgar},
  Booktitle = {Eight ACM International Conference on Web Search and Data Mining},
  Location = {Shanghai, China},
  Publisher = {ACM},
  Title = {Fast and Space-Efficient Entity Linking in Queries},
  Year = {2015}
}

@misc{spark2015apache,
  title={Apache Spark: Lightning-fast cluster computing},
  year={2015}
}

@article{brickley2014rdf,
  title={RDF Schema 1.1},
  author={Brickley, Dan and Guha, Ramanathan V and McBride, Brian},
  journal={W3C recommendation},
  year={2014}
}

@article{dougherty2010researcher,
  title={Researcher engagement with web archives: State of the art},
  author={Dougherty, Meghan and Meyer, Eric T and Madsen, Christine McCarthy and Van den Heuvel, Charles and Thomas, Arthur and Wyatt, Sally},
  journal={London: JISC},
  year={2010}
}

@book{leskovec2014mining,
  title={Mining of massive datasets},
  author={Leskovec, Jure and Rajaraman, Anand and Ullman, Jeffrey David},
  year={2014},
  publisher={Cambridge University Press}
}

@inproceedings{anyanwu2005semrank,
  title={SemRank: ranking complex relationship search results on the semantic web},
  author={Anyanwu, Kemafor and Maduko, Angela and Sheth, Amit},
  booktitle={Proceedings of the 14th international conference on World Wide Web},
  pages={117--127},
  year={2005},
  organization={ACM}
}

@inproceedings{ding2004swoogle,
  title={Swoogle: A semantic web search and metadata engine},
  author={Ding, Li and Finin, Tim and Joshi, Anupam and Pan, Rong and Cost, R Scott and Peng, Yun and Reddivari, Pavan and Doshi, VC and Sachs, Joel},
  booktitle={Proc. 13th ACM Conf. on Information and Knowledge Management},
  volume={304},
  pages={10--1145},
  year={2004},
  organization={Citeseer}
}

@inproceedings{nie2005object,
  title={Object-level ranking: bringing order to web objects},
  author={Nie, Zaiqing and Zhang, Yuanzhi and Wen, Ji-Rong and Ma, Wei-Ying},
  booktitle={Proceedings of the 14th international conference on World Wide Web},
  pages={567--574},
  year={2005},
  organization={ACM}
}

@inproceedings{alani2006ranking,
  title={Ranking ontologies with AKTiveRank},
  author={Alani, Harith and Brewster, Christopher and Shadbolt, Nigel},
  booktitle={International Semantic Web Conference},
  pages={1--15},
  year={2006},
  organization={Springer}
}

@inproceedings{kasneci2008naga,
  title={Naga: Searching and ranking knowledge},
  author={Kasneci, Gjergji and Suchanek, Fabian M and Ifrim, Georgiana and Ramanath, Maya and Weikum, Gerhard},
  booktitle={IEEE 24th International Conference on Data Engineering, 2008.},
  pages={953--962},
  year={2008},
  organization={IEEE}
}

@inproceedings{harth2009using,
  title={Using naming authority to rank data and ontologies for web search},
  author={Harth, Andreas and Kinsella, Sheila and Decker, Stefan},
  booktitle={International Semantic Web Conference},
  pages={277--292},
  year={2009},
  organization={Springer}
}

@phdthesis{wei2009semantic,
  added-at = {2015-10-13T19:16:50.000+0200},
  author = {Wei, Wang},
  biburl = {https://www.bibsonomy.org/bibtex/2d4944c34dd594bf2e3ec87d6047f8cce/asalber},
  interhash = {2405240daa83b25b72ed8ca7eceeb278},
  intrahash = {d4944c34dd594bf2e3ec87d6047f8cce},
  keywords = {ontologies semantic-web},
  school = {School of Computer Science, The University of Nottingham},
  timestamp = {2015-10-13T19:16:50.000+0200},
  title = {Semantic Search: Bringing Semantic Web Technologies to Information Retrieval},
  year = {2009}
}

@inproceedings{mirizzi2010ranking,
  title={Ranking the linked data: the case of dbpedia},
  author={Mirizzi, Roberto and Ragone, Azzurra and Di Noia, Tommaso and Di Sciascio, Eugenio},
  booktitle={International Conference on Web Engineering},
  pages={337--354},
  year={2010},
  organization={Springer}
}

@inproceedings{delbru2010hierarchical,
  title={Hierarchical link analysis for ranking web data},
  author={Delbru, Renaud and Toupikov, Nickolai and Catasta, Michele and Tummarello, Giovanni and Decker, Stefan},
  booktitle={Extended Semantic Web Conference},
  pages={225--239},
  year={2010},
  organization={Springer}
}

@inproceedings{graves2008method,
  title={A method to rank nodes in an RDF graph},
  author={Graves, Alvaro and Adali, Sibel and Hendler, Jim},
  booktitle={Proceedings of the 2007 International Conference on Posters and Demonstrations-Volume 401},
  pages={84--85},
  year={2008},
  organization={CEUR-WS. org}
}


@book{calhoun2014exploring,
  title={Exploring digital libraries: foundations, practice, prospects},
  author={Calhoun, Karen},
  year={2014},
  publisher={Facet Publishing}
}

@inproceedings{fafalios2017SemLayer,
  title={Building and Querying Semantic Layers for Web Archives},
  author={Fafalios, P. and Holzmann, H. and Kasturia, V. and Nejdl, W.},
  booktitle={ACM/IEEE-CS Joint Conference on Digital Libraries (JCDL'17)},
  year={2017},
  address={Toronto, Ontario, Canada},
}

@misc{merkel_rating,
  author = {Rainer Buergin},
  title = {{Merkel Approval Rating Drops to Four-Year Low on Refugee Crisis}},
  howpublished = "\url{https://www.bloomberg.com/news/articles/2015-10-02/merkel-approval-rating-drops-to-four-year-low-on-refugee-crisis}",
  year = {2015}
}

@incollection{tummarello2007sindice,
  title={Sindice. com: Weaving the open linked data},
  author={Tummarello, Giovanni and Delbru, Renaud and Oren, Eyal},
  booktitle={The Semantic Web},
  pages={552--565},
  year={2007},
  publisher={Springer}
}

@techreport{page1999pagerank,
  title={The PageRank citation ranking: Bringing order to the web.},
  author={Page, Lawrence and Brin, Sergey and Motwani, Rajeev and Winograd, Terry},
  year={1999},
  institution={Stanford InfoLab}
}